<record><leader>00000cas a2200000 a 4500</leader><controlfield tag="001">11729186</controlfield><controlfield tag="008">850223d19551957hiuwr ne      0    0eng d</controlfield><datafield ind1=" " ind2=" " tag="010"><subfield code="a">sn 85047033 </subfield></datafield><datafield ind1=" " ind2=" " tag="040"><subfield code="a">HUH</subfield><subfield code="b">eng</subfield><subfield code="c">HUH</subfield><subfield code="d">HWN</subfield><subfield code="d">OCL</subfield><subfield code="d">OCLCQ</subfield><subfield code="d">OCLCF</subfield><subfield code="d">OCLCO</subfield></datafield><datafield ind1=" " ind2=" " tag="042"><subfield code="a">msc</subfield></datafield><datafield ind1=" " ind2=" " tag="043"><subfield code="a">n-us-hi</subfield></datafield><datafield ind1=" " ind2=" " tag="090"><subfield code="a">AN2</subfield><subfield code="b">.F74</subfield></datafield><datafield ind1="0" ind2="0" tag="245"><subfield code="a">Friendly isle news.</subfield></datafield><datafield ind1=" " ind2=" " tag="260"><subfield code="a">Kaunakakai, Molokai, T.H. :</subfield><subfield code="b">Friendly Isle News,</subfield><subfield code="c">1955-1957.</subfield></datafield><datafield ind1=" " ind2=" " tag="300"><subfield code="a">1 v. :</subfield><subfield code="b">ill. ;</subfield><subfield code="c">40 cm.</subfield></datafield><datafield ind1=" " ind2=" " tag="310"><subfield code="a">Weekly</subfield></datafield><datafield ind1="0" ind2=" " tag="362"><subfield code="a">Vol. 1, no. 1 (Nov. 18, 1955)-v. 1, no. 54 (Jan. 25, 1957).</subfield></datafield><datafield ind1=" " ind2=" " tag="500"><subfield code="a">Editor and owner: M. Gallard.</subfield></datafield><datafield ind1=" " ind2=" " tag="515"><subfield code="a">Vol. 1, no. 33-34 (June 29-July 6, 1956) in combined issue.</subfield></datafield><datafield ind1=" " ind2=" " tag="515"><subfield code="a">Vol. 1, no. 49 (Nov. 23, 30-Dec. 7, 1956) covers 3-week period.</subfield></datafield><datafield ind1=" " ind2="0" tag="651"><subfield code="a">Molokai (Hawaii)</subfield><subfield code="v">Periodicals.</subfield></datafield><datafield ind1=" " ind2="7" tag="655"><subfield code="a">Periodicals.</subfield><subfield code="2">fast</subfield><subfield code="0">(OCoLC)fst01411641</subfield></datafield><datafield ind1=" " ind2="7" tag="651"><subfield code="a">Hawaii</subfield><subfield code="z">Molokai.</subfield><subfield code="2">fast</subfield><subfield code="0">(OCoLC)fst01240314</subfield></datafield><datafield ind1="1" ind2=" " tag="710"><subfield code="a">Gallard, Marie.</subfield></datafield><datafield ind1=" " ind2=" " tag="752"><subfield code="a">United States</subfield><subfield code="b">Hawaii</subfield><subfield code="c">Maui</subfield><subfield code="d">Kaunakakai.</subfield></datafield><datafield ind1="0" ind2="0" tag="780"><subfield code="t">Leo o Molokai</subfield><subfield code="w">(DLC)sn 85047032</subfield><subfield code="w">(OCoLC)11729184</subfield></datafield></record>